@article{blei2003latent,
  title={Latent dirichlet allocation},
  author={Blei, David M and Ng, Andrew Y and Jordan, Michael I},
  journal={the Journal of machine Learning research},
  volume={3},
  pages={993--1022},
  year={2003},
  publisher={JMLR. org}
}
@article{mccallum2005topic,
  title={Topic and role discovery in social networks},
  author={McCallum, Andrew and Corrada-Emmanuel, Andres and Wang, Xuerui},
  journal={Computer Science Department Faculty Publication Series},
  pages={3},
  year={2005}
}

@book{srivastava2010text,
  title={Text mining: Classification, clustering, and applications},
  author={Srivastava, Ashok and Sahami, Mehran},
  year={2010},
  publisher={CRC Press}
}

@inproceedings{wei2006lda,
  title={LDA-based document models for ad-hoc retrieval},
  author={Wei, Xing and Croft, W Bruce},
  booktitle={Proceedings of the 29th annual international ACM SIGIR conference on Research and development in information retrieval},
  pages={178--185},
  year={2006},
  organization={ACM}
}

@article{griffiths2004finding,
  title={Finding scientific topics},
  author={Griffiths, Thomas L and Steyvers, Mark},
  journal={Proceedings of the National academy of Sciences of the United States of America},
  volume={101},
  number={Suppl 1},
  pages={5228--5235},
  year={2004},
  publisher={National Acad Sciences}
}

@incollection{zhao2011comparing,
  title={Comparing twitter and traditional media using topic models},
  author={Zhao, Wayne Xin and Jiang, Jing and Weng, Jianshu and He, Jing and Lim, Ee-Peng and Yan, Hongfei and Li, Xiaoming},
  booktitle={Advances in Information Retrieval},
  pages={338--349},
  year={2011},
  publisher={Springer}
}

@inproceedings{hong2010empirical,
  title={Empirical study of topic modeling in twitter},
  author={Hong, Liangjie and Davison, Brian D},
  booktitle={Proceedings of the First Workshop on Social Media Analytics},
  pages={80--88},
  year={2010},
  organization={ACM}
}

@inproceedings{titov2008modeling,
  title={Modeling online reviews with multi-grain topic models},
  author={Titov, Ivan and McDonald, Ryan},
  booktitle={Proceedings of the 17th international conference on World Wide Web},
  pages={111--120},
  year={2008},
  organization={ACM}
}

@inproceedings{yano2009predicting,
  title={Predicting response to political blog posts with topic models},
  author={Yano, Tae and Cohen, William W and Smith, Noah A},
  booktitle={Proceedings of Human Language Technologies: The 2009 Annual Conference of the North American Chapter of the Association for Computational Linguistics},
  pages={477--485},
  year={2009},
  organization={Association for Computational Linguistics}
}

@article{griffiths2004hierarchical,
  title={Hierarchical topic models and the nested Chinese restaurant process},
  author={Griffiths, T and Jordan, M and Tenenbaum, J and Blei, David M},
  journal={Advances in neural information processing systems},
  volume={16},
  pages={106--114},
  year={2004}
}

@article{blei2010nested,
  title={The nested chinese restaurant process and bayesian nonparametric inference of topic hierarchies},
  author={Blei, David M and Griffiths, Thomas L and Jordan, Michael I},
  journal={Journal of the ACM (JACM)},
  volume={57},
  number={2},
  pages={7},
  year={2010},
  publisher={ACM}
}

@article{blei2010supervised,
  title={Supervised topic models},
  author={Blei, David M and McAuliffe, Jon D},
  journal={arXiv preprint arXiv:1003.0783},
  year={2010}
}

@inproceedings{ramage2009labeled,
  title={Labeled LDA: A supervised topic model for credit attribution in multi-labeled corpora},
  author={Ramage, Daniel and Hall, David and Nallapati, Ramesh and Manning, Christopher D},
  booktitle={Proceedings of the 2009 Conference on Empirical Methods in Natural Language Processing: Volume 1-Volume 1},
  pages={248--256},
  year={2009},
  organization={Association for Computational Linguistics}
}

@article{blei2007correlated,
  title={A correlated topic model of science},
  author={Blei, David M and Lafferty, John D},
  journal={The Annals of Applied Statistics},
  pages={17--35},
  year={2007},
  publisher={JSTOR}
}

@inproceedings{lafferty2005correlated,
  title={Correlated topic models},
  author={Lafferty, John D and Blei, David M},
  booktitle={Advances in neural information processing systems},
  pages={147--154},
  year={2005}
}

@inproceedings{blei2006dynamic,
  title={Dynamic topic models},
  author={Blei, David M and Lafferty, John D},
  booktitle={Proceedings of the 23rd international conference on Machine learning},
  pages={113--120},
  year={2006},
  organization={ACM}
}

@inproceedings{zhai2012mr,
  title={Mr. LDA: A flexible large scale topic modeling package using variational inference in MapReduce},
  author={Zhai, Ke and Boyd-Graber, Jordan and Asadi, Nima and Alkhouja, Mohamad L},
  booktitle={Proceedings of the 21st international conference on World Wide Web},
  pages={879--888},
  year={2012},
  organization={ACM}
}

@ONLINE{mahout_lda,
author = {David Hall, Saikat Kanjilal},
title = {Latent Dirichlet Allocation},
month = April,
year = {2013},
url = {https://cwiki.apache.org/confluence/display/MAHOUT/Latent+Dirichlet+Allocation}
}
 
@article{steyvers2007probabilistic,
  title={Probabilistic topic models},
  author={Steyvers, Mark and Griffiths, Tom},
  journal={Handbook of latent semantic analysis},
  volume={427},
  number={7},
  pages={424--440},
  year={2007}
}

@inproceedings{teh2006collapsed,
  title={A collapsed variational Bayesian inference algorithm for latent Dirichlet allocation},
  author={Teh, Yee W and Newman, David and Welling, Max},
  booktitle={Advances in neural information processing systems},
  pages={1353--1360},
  year={2006}
}

@inproceedings{minka2002expectation,
  title={Expectation-propagation for the generative aspect model},
  author={Minka, Thomas and Lafferty, John},
  booktitle={Proceedings of the Eighteenth conference on Uncertainty in artificial intelligence},
  pages={352--359},
  year={2002},
  organization={Morgan Kaufmann Publishers Inc.}
}

@inproceedings{yan2009parallel,
  title={Parallel inference for latent dirichlet allocation on graphics processing units},
  author={Yan, Feng and Xu, Ningyi and Qi, Yuan},
  booktitle={Advances in Neural Information Processing Systems},
  pages={2134--2142},
  year={2009}
}

@inproceedings{smyth2008asynchronous,
  title={Asynchronous distributed learning of topic models},
  author={Smyth, Padhraic and Welling, Max and Asuncion, Arthur U},
  booktitle={Advances in Neural Information Processing Systems},
  pages={81--88},
  year={2008}
}

@inproceedings{mariote2007parallelized,
  title={Parallelized variational EM for latent Dirichlet allocation: An experimental evaluation of speed and scalability},
  author={Mariote, LE and Medeiros, CB and da Torres, R},
  booktitle={Data Mining Workshops, 2007. ICDM Workshops 2007. Seventh IEEE International Conference on},
  pages={349--354},
  year={2007},
  organization={IEEE}
}

@incollection{wang2009plda,
  title={Plda: Parallel latent dirichlet allocation for large-scale applications},
  author={Wang, Yi and Bai, Hongjie and Stanton, Matt and Chen, Wen-Yen and Chang, Edward Y},
  booktitle={Algorithmic Aspects in Information and Management},
  pages={301--314},
  year={2009},
  publisher={Springer}
}

@article{smola2010architecture,
  title={An architecture for parallel topic models},
  author={Smola, Alexander and Narayanamurthy, Shravan},
  journal={Proceedings of the VLDB Endowment},
  volume={3},
  number={1-2},
  pages={703--710},
  year={2010},
  publisher={VLDB Endowment}
}

@ONLINE{mallet,
author = {McCallum, Andrew Kachites},
title = {MALLET: A Machine Learning for Language Toolkit},
month = April,
year = {2002},
url = {http://mallet.cs.umass.edu}
}

@ONLINE{caa,
author = {Chong Wang},
title = {Variational Inference: Mean Field Approximation},
year = {2012},
url = {http://www.cs.cmu.edu/~epxing/Class/10708/lecture/scribe14.pdf}
}
